<?xml version="1.0" encoding="UTF-8"?><collection xmlns="http://www.loc.gov/MARC21/slim"><record><leader>00367nam--2200121-i-4500</leader><controlfield tag="001">000037111</controlfield><controlfield tag="002">20161230</controlfield><controlfield tag="005">20161230201041</controlfield><controlfield tag="008">060222s1000------------r-----000-0-eng-d</controlfield><datafield ind1=" " ind2=" " tag="245"><subfield code="a">Probleme de cibernetica. (trad.din l.sovietica de specialitate)</subfield></datafield><datafield ind1=" " ind2=" " tag="260"><subfield code="a">Bucuresti, Inst.De Studii Rom.-sov., 1959, 541p</subfield></datafield><datafield ind1=" " ind2=" " tag="490"><subfield code="a">Bibl.Analelor Rom.-sov.Seria Tehnica</subfield></datafield><datafield ind1=" " ind2=" " tag="852"><subfield code="a">6851</subfield></datafield></record></collection>